[gd_scene load_steps=8 format=2]

[ext_resource path="res://Scripts/ControlAction.gd" type="Script" id=1]
[ext_resource path="res://Fonts/pixelated.ttf" type="DynamicFontData" id=2]

[sub_resource type="DynamicFont" id=2]
size = 18
font_data = ExtResource( 2 )

[sub_resource type="DynamicFont" id=3]
size = 18
font_data = ExtResource( 2 )

[sub_resource type="DynamicFont" id=4]
size = 18
font_data = ExtResource( 2 )

[sub_resource type="DynamicFont" id=5]
size = 18
font_data = ExtResource( 2 )

[sub_resource type="DynamicFont" id=6]
size = 18
font_data = ExtResource( 2 )

[node name="Menu" type="TabContainer"]
margin_left = 376.0
margin_top = 206.0
margin_right = 646.0
margin_bottom = 416.0
script = ExtResource( 1 )

[node name="Graphics" type="Label" parent="."]
anchor_right = 1.0
anchor_bottom = 1.0
margin_left = 4.0
margin_top = 32.0
margin_right = -4.0
margin_bottom = -4.0

[node name="ShowFPS" type="Label" parent="Graphics"]
margin_top = 10.0
margin_right = 260.0
margin_bottom = 34.0
custom_fonts/font = SubResource( 2 )
text = "Show FPS"
valign = 1
autowrap = true

[node name="FPSButton" type="CheckButton" parent="Graphics"]
margin_left = 194.0
margin_top = 2.0
margin_right = 270.0
margin_bottom = 44.0

[node name="FullScreen" type="Label" parent="Graphics"]
margin_top = 44.0
margin_right = 260.0
margin_bottom = 68.0
custom_fonts/font = SubResource( 3 )
text = "Full Screen"
valign = 1
autowrap = true

[node name="Full" type="CheckButton" parent="Graphics"]
margin_left = 194.0
margin_top = 36.0
margin_right = 270.0
margin_bottom = 44.0

[node name="SD" type="Button" parent="Graphics"]
margin_left = 1.0
margin_top = 78.0
margin_right = 261.0
margin_bottom = 102.0

[node name="Label" type="Label" parent="Graphics/SD"]
margin_right = 260.0
margin_bottom = 24.0
custom_fonts/font = SubResource( 4 )
text = "1024 x 600"
align = 1
valign = 1

[node name="HD" type="Button" parent="Graphics"]
margin_left = 1.0
margin_top = 112.0
margin_right = 261.0
margin_bottom = 136.0

[node name="Label" type="Label" parent="Graphics/HD"]
margin_right = 260.0
margin_bottom = 24.0
custom_fonts/font = SubResource( 5 )
text = "1280 x 720"
align = 1
valign = 1

[node name="FullHD" type="Button" parent="Graphics"]
margin_left = 1.0
margin_top = 146.0
margin_right = 261.0
margin_bottom = 170.0

[node name="Label" type="Label" parent="Graphics/FullHD"]
margin_right = 260.0
margin_bottom = 24.0
custom_fonts/font = SubResource( 6 )
text = "1920 x 1080"
align = 1
valign = 1

[node name="Audio" type="Label" parent="."]
visible = false
anchor_right = 1.0
anchor_bottom = 1.0
margin_left = 8.0
margin_top = 64.0
margin_bottom = 28.0

[connection signal="toggled" from="Graphics/FPSButton" to="." method="OnFpsToggled"]
[connection signal="toggled" from="Graphics/Full" to="." method="OnFullToggled"]
[connection signal="pressed" from="Graphics/SD" to="." method="OnSdPressed"]
[connection signal="pressed" from="Graphics/HD" to="." method="OnHdPressed"]
[connection signal="pressed" from="Graphics/FullHD" to="." method="OnFullHdPressed"]
