[gd_scene load_steps=11 format=2]

[ext_resource path="res://Scripts/Enemy.gd" type="Script" id=1]
[ext_resource path="res://Sprites/Galogino/Galo (6).png" type="Texture" id=2]
[ext_resource path="res://Sprites/Galogino/Galo (1).png" type="Texture" id=3]
[ext_resource path="res://Sprites/Galogino/Galo (3).png" type="Texture" id=4]
[ext_resource path="res://Sprites/Galogino/Galo (4).png" type="Texture" id=5]
[ext_resource path="res://Sprites/Galogino/Galo (5).png" type="Texture" id=6]
[ext_resource path="res://Sprites/Galogino/Galo (2).png" type="Texture" id=7]
[ext_resource path="res://Instantiables/LifeBar.tscn" type="PackedScene" id=8]

[sub_resource type="SpriteFrames" id=1]
animations = [ {
"frames": [ ExtResource( 3 ), ExtResource( 7 ), ExtResource( 4 ), ExtResource( 5 ), ExtResource( 6 ), ExtResource( 2 ) ],
"loop": true,
"name": "default",
"speed": 8.0
} ]

[sub_resource type="CircleShape2D" id=2]
radius = 8.0

[node name="Galogino" type="KinematicBody2D" groups=["Enemy"]]
script = ExtResource( 1 )
__meta__ = {
"_edit_group_": true
}

[node name="AnimatedSprite" type="AnimatedSprite" parent="."]
position = Vector2( 0, -7 )
frames = SubResource( 1 )
playing = true

[node name="CollisionShape2D" type="CollisionShape2D" parent="."]
position = Vector2( 0, 0.85 )
shape = SubResource( 2 )

[node name="LifeBar" parent="." instance=ExtResource( 8 )]
margin_left = -10.0
margin_top = -15.0
margin_right = -10.0
margin_bottom = -15.0
rect_scale = Vector2( 0.31, 0.31 )

[node name="Timer" type="Timer" parent="."]
wait_time = 0.65
autostart = true

[connection signal="timeout" from="Timer" to="." method="OnTimerTimeout"]
