[gd_scene load_steps=15 format=2]

[ext_resource path="res://Scripts/Item.gd" type="Script" id=1]
[ext_resource path="res://Sprites/Itens/Item2.png" type="Texture" id=2]
[ext_resource path="res://Sprites/Itens/Item4.png" type="Texture" id=3]
[ext_resource path="res://Sprites/Itens/Item3.png" type="Texture" id=4]
[ext_resource path="res://Sprites/Itens/Item1.png" type="Texture" id=5]
[ext_resource path="res://Sprites/Itens/Item5.png" type="Texture" id=6]
[ext_resource path="res://Sprites/Particle.png" type="Texture" id=7]

[sub_resource type="SpriteFrames" id=1]
animations = [ {
"frames": [ ExtResource( 5 ), ExtResource( 2 ), ExtResource( 4 ), ExtResource( 3 ), ExtResource( 6 ) ],
"loop": true,
"name": "default",
"speed": 5.0
} ]

[sub_resource type="Animation" id=3]
resource_name = "NotCollected"
length = 60.0
tracks/0/type = "value"
tracks/0/path = NodePath(".:modulate")
tracks/0/interp = 1
tracks/0/loop_wrap = true
tracks/0/imported = false
tracks/0/enabled = true
tracks/0/keys = {
"times": PoolRealArray( 0, 57, 60 ),
"transitions": PoolRealArray( 1, 1, 1 ),
"update": 0,
"values": [ Color( 1, 1, 1, 0.94 ), Color( 1, 1, 1, 1 ), Color( 1, 1, 1, 0 ) ]
}
tracks/1/type = "value"
tracks/1/path = NodePath("../Particles2D:emitting")
tracks/1/interp = 1
tracks/1/loop_wrap = true
tracks/1/imported = false
tracks/1/enabled = true
tracks/1/keys = {
"times": PoolRealArray( 0, 59.6 ),
"transitions": PoolRealArray( 1, 1 ),
"update": 1,
"values": [ false, true ]
}

[sub_resource type="Animation" id=4]
length = 0.001
tracks/0/type = "value"
tracks/0/path = NodePath(".:modulate")
tracks/0/interp = 1
tracks/0/loop_wrap = true
tracks/0/imported = false
tracks/0/enabled = true
tracks/0/keys = {
"times": PoolRealArray( 0 ),
"transitions": PoolRealArray( 1 ),
"update": 0,
"values": [ Color( 1, 1, 1, 0 ) ]
}
tracks/1/type = "value"
tracks/1/path = NodePath("../Particles2D:emitting")
tracks/1/interp = 1
tracks/1/loop_wrap = true
tracks/1/imported = false
tracks/1/enabled = true
tracks/1/keys = {
"times": PoolRealArray( 0 ),
"transitions": PoolRealArray( 1 ),
"update": 0,
"values": [ false ]
}

[sub_resource type="CircleShape2D" id=2]
radius = 7.0

[sub_resource type="Gradient" id=5]
offsets = PoolRealArray( 0, 0.888525, 1 )
colors = PoolColorArray( 1, 1, 1, 0.196078, 1, 1, 1, 0.910383, 1, 1, 1, 1 )

[sub_resource type="GradientTexture" id=6]
gradient = SubResource( 5 )

[sub_resource type="ParticlesMaterial" id=7]
flag_disable_z = true
direction = Vector3( 0, -180, 0 )
gravity = Vector3( 0, 0, 0 )
initial_velocity = 65.0
initial_velocity_random = 1.0
angular_velocity = 250.0
angular_velocity_random = 1.0
orbit_velocity = 0.0
orbit_velocity_random = 0.0
color_ramp = SubResource( 6 )

[node name="Item" type="RigidBody2D"]
can_sleep = false
linear_damp = 5.0
angular_damp = 100.0
script = ExtResource( 1 )

[node name="Sprite" type="AnimatedSprite" parent="."]
modulate = Color( 1, 1, 1, 0 )
frames = SubResource( 1 )

[node name="AnimationPlayer" type="AnimationPlayer" parent="Sprite"]
autoplay = "NotCollected"
anims/NotCollected = SubResource( 3 )
anims/RESET = SubResource( 4 )

[node name="Area2D" type="Area2D" parent="."]

[node name="CollisionShape2D" type="CollisionShape2D" parent="Area2D"]
shape = SubResource( 2 )
disabled = true

[node name="Particles2D" type="Particles2D" parent="."]
emitting = false
amount = 4
lifetime = 0.25
one_shot = true
explosiveness = 1.0
randomness = 1.0
process_material = SubResource( 7 )
texture = ExtResource( 7 )

[connection signal="body_entered" from="Area2D" to="." method="OnArea2dEntered"]
